%
%
%

@article{hopfield83a,
 author = "Hopfield, John J. and Feinstein, D. I. and Palmer, R. G.",
 title = "{`Unlearning'} has a stabilizing effect in collective memories",
 journal = "Nature",
 year = 1983,
 volume = 304,
 pages = "158--159",
}



@incollection {sgeman88a,
 author = "Stuart Geman",
 title = "Stochastic relaxation methods for image restoration and expert systems",
 booktitle = "Maximum-Entropy and Bayesian Methods in Science and Engineering",
 volume = 2,
 year = 1988,
 pages = "265-311",
 editor = "G. J, Erickson and C. R. Smith",
 publisher = "Kluwer Academic Publisher",
 address = " ",
}


@article{foldiak91a,
 author = "Peter {F\"{o}ldi\'{a}k}",
 title = "Learning invariance from transformation sequences",
 journal = "Neural Computation",
 year = "1991",
 volume = "3",
 pages = "194--200",
 note ="", 
}



@article{mnih2015a,
 author = "Volodymyr Mnih and Koray Kavukcuoglu and David Silver and Andrei A. Rusu and Joel Veness and Marc G. Bellemare and Alex Graves and Martin Riedmiller and Andreas K. Fidjeland and Georg Ostrovski and Stig Petersen and Charles Beattie and Amir Sadik and Ioannis Antonoglou and Helen King and Dharshan Kumaran and Daan Wierstra and Shane Legg and Demis Hassabis",
 title = "Human-level control through deep reinforcement learning",
 journal = "Nature",
 volume = 518,
 pages = "529--533",
 year = 2015,
}



@misc{sabour2017a,
 author = "Sara Sabour and Nicholas Frosst and Geoffrey E. Hinton",
 title = "Dynamic Routing Between Capsules",
 howpublished="{\tt https://arxiv.org/abs/1710.09829}",
 year = 2017,
}


@book{amari89a,
 author = "甘利 俊一",
 title = "神経回路モデルとコネクショニズム",
 publisher = "東京大学出版会",
 yomi = "{Shun-ichi} Amari",
 year = 1989,
 address = "東京",
 note = "",
}
